<?xml version="1.0" encoding="UTF-8"?><collection xmlns="http://www.loc.gov/MARC21/slim"><record><leader>00510nam--2200193-u-4500</leader><controlfield tag="001">000052333</controlfield><controlfield tag="002">20161230</controlfield><controlfield tag="005">20161230201050</controlfield><controlfield tag="008">100621s1000------------r-----000-0-rus-d</controlfield><datafield ind1=" " ind2=" " tag="040"><subfield code="a">IFIN-HH</subfield></datafield><datafield ind1=" " ind2=" " tag="041"><subfield code="a">rus</subfield></datafield><datafield ind1=" " ind2=" " tag="080"><subfield code="a">519.813</subfield></datafield><datafield ind1="1" ind2=" " tag="100"><subfield code="a">Mazalov, V.V</subfield></datafield><datafield ind1="1" ind2="0" tag="245"><subfield code="a">Momenti ostanovki i upravliaemie sluceainie blujdaniia</subfield><subfield code="c">V.V. Mazalov ; S.B. Vinnicenko</subfield></datafield><datafield ind1=" " ind2=" " tag="260"><subfield code="a">Novosibirsk</subfield><subfield code="b">Nauka</subfield><subfield code="c">1992</subfield></datafield><datafield ind1=" " ind2=" " tag="300"><subfield code="a">104 p</subfield></datafield><datafield ind1="1" ind2=" " tag="700"><subfield code="a">Vinicenko, S.V</subfield></datafield><datafield ind1=" " ind2=" " tag="852"><subfield code="a">80425</subfield><subfield code="c">519.2</subfield></datafield><datafield ind1=" " ind2=" " tag="CAT"><subfield code="a">Sys</subfield><subfield code="c">20100621</subfield><subfield code="h">104806</subfield></datafield></record></collection>